@book{TRS,
  author    = {Daniel P. Friedman and
               William E. Byrd and
               Oleg Kiselyov},
  title     = {The reasoned schemer},
  publisher = {{MIT} Press},
  year      = {2005},
  isbn      = {978-0-262-56214-0},
  timestamp = {Wed, 06 Apr 2011 15:25:01 +0200},
  biburl    = {https://dblp.org/rec/books/daglib/0015651.bib},
  bibsource = {dblp computer science bibliography, https://dblp.org}
}

@phdthesis{WillsThesis,
author = {Byrd, William E.},
advisor = {Friedman, Daniel P.},
title = {Relational Programming in Minikanren: Techniques, Applications, and Implementations},
year = {2009},
isbn = {9781109504682},
publisher = {Indiana University},
address = {USA}
}

@inproceedings{Transformers,
  author    = {Oleg Kiselyov and
               Chung{-}chieh Shan and
               Daniel P. Friedman and
               Amr Sabry},
  editor    = {Olivier Danvy and
               Benjamin C. Pierce},
  title     = {Backtracking, interleaving, and terminating monad transformers: (functional
               pearl)},
  booktitle = {Proceedings of the 10th {ACM} {SIGPLAN} International Conference on
               Functional Programming, {ICFP} 2005, Tallinn, Estonia, September 26-28,
               2005},
  pages     = {192--203},
  publisher = {{ACM}},
  year      = {2005},
  url       = {https://doi.org/10.1145/1086365.1086390},
  doi       = {10.1145/1086365.1086390},
  timestamp = {Fri, 25 Jun 2021 14:48:54 +0200},
  biburl    = {https://dblp.org/rec/conf/icfp/KiselyovSFS05.bib},
  bibsource = {dblp computer science bibliography, https://dblp.org}
}

@inproceedings{CertifiedSemantics,
  author    = {Dmitry Rozplokhas and
               Andrey Vyatkin and
               Dmitry Boulytchev},
  editor    = {Bruno C. d. S. Oliveira},
  title     = {Certified Semantics for Relational Programming},
  booktitle = {Programming Languages and Systems - 18th Asian Symposium, {APLAS}
               2020, Fukuoka, Japan, November 30 - December 2, 2020, Proceedings},
  series    = {Lecture Notes in Computer Science},
  volume    = {12470},
  pages     = {167--185},
  publisher = {Springer},
  year      = {2020},
  url       = {https://doi.org/10.1007/978-3-030-64437-6\_9},
  doi       = {10.1007/978-3-030-64437-6\_9},
  timestamp = {Tue, 01 Dec 2020 09:11:49 +0100},
  biburl    = {https://dblp.org/rec/conf/aplas/RozplokhasVB20.bib},
  bibsource = {dblp computer science bibliography, https://dblp.org}
}

@incollection{UnificationTheory,
  author    = {Franz Baader and
               Wayne Snyder},
  editor    = {John Alan Robinson and
               Andrei Voronkov},
  title     = {Unification Theory},
  booktitle = {Handbook of Automated Reasoning (in 2 volumes)},
  pages     = {445--532},
  publisher = {Elsevier and {MIT} Press},
  year      = {2001},
  url       = {https://doi.org/10.1016/b978-044450813-3/50010-2},
  doi       = {10.1016/b978-044450813-3/50010-2},
  timestamp = {Fri, 09 Apr 2021 18:22:42 +0200},
  biburl    = {https://dblp.org/rec/books/el/RV01/BaaderS01.bib},
  bibsource = {dblp computer science bibliography, https://dblp.org}
}

@article{UnificationAverageCost,
  author    = {Luc Albert and
               Rafael Casas and
               Fran{\c{c}}ois Fages},
  title     = {Average-Case Analysis of Unification Algorithms},
  journal   = {Theor. Comput. Sci.},
  volume    = {113},
  number    = {1},
  pages     = {3--34},
  year      = {1993},
  url       = {https://doi.org/10.1016/0304-3975(93)90208-B},
  doi       = {10.1016/0304-3975(93)90208-B},
  timestamp = {Wed, 17 Feb 2021 21:58:00 +0100},
  biburl    = {https://dblp.org/rec/journals/tcs/AlbertCF93.bib},
  bibsource = {dblp computer science bibliography, https://dblp.org}
}

@article{CostAnalysisLP,
  author    = {Saumya K. Debray and
               Nai{-}Wei Lin},
  title     = {Cost Analysis of Logic Programs},
  journal   = {{ACM} Trans. Program. Lang. Syst.},
  volume    = {15},
  number    = {5},
  pages     = {826--875},
  year      = {1993},
  url       = {https://doi.org/10.1145/161468.161472},
  doi       = {10.1145/161468.161472},
  timestamp = {Tue, 06 Nov 2018 12:51:29 +0100},
  biburl    = {https://dblp.org/rec/journals/toplas/DebrayL93.bib},
  bibsource = {dblp computer science bibliography, https://dblp.org}
}

@inproceedings{CostAnalysisLPLower,
  author    = {Saumya K. Debray and
               Pedro L{\'{o}}pez{-}Garc{\'{\i}}a and
               Manuel V. Hermenegildo and
               Nai{-}Wei Lin},
  editor    = {Jan Maluszynski},
  title     = {Lower Bound Cost Estimation for Logic Programs},
  booktitle = {Logic Programming, Proceedings of the 1997 International Symposium,
               Port Jefferson, Long Island, NY, USA, October 13-16, 1997},
  pages     = {291--305},
  publisher = {{MIT} Press},
  year      = {1997},
  timestamp = {Thu, 07 Apr 2016 12:06:04 +0200},
  biburl    = {https://dblp.org/rec/conf/slp/DebrayLHL97.bib},
  bibsource = {dblp computer science bibliography, https://dblp.org}
}

@inproceedings{SymbolicAnalysisLP,
  author    = {J{\"{u}}rgen Giesl and
               Thomas Str{\"{o}}der and
               Peter Schneider{-}Kamp and
               Fabian Emmes and
               Carsten Fuhs},
  editor    = {Danny De Schreye and
               Gerda Janssens and
               Andy King},
  title     = {Symbolic evaluation graphs and term rewriting: a general methodology
               for analyzing logic programs},
  booktitle = {Principles and Practice of Declarative Programming, PPDP'12, Leuven,
               Belgium - September 19 - 21, 2012},
  pages     = {1--12},
  publisher = {{ACM}},
  year      = {2012},
  url       = {https://doi.org/10.1145/2370776.2370778},
  doi       = {10.1145/2370776.2370778},
  timestamp = {Wed, 25 Sep 2019 18:23:37 +0200},
  biburl    = {https://dblp.org/rec/conf/ppdp/GieslSSEF12.bib},
  bibsource = {dblp computer science bibliography, https://dblp.org}
}

@inproceedings{OccursCheckNotAProblem,
  author    = {Krzysztof R. Apt and
               Alessandro Pellegrini},
  editor    = {Maurice Bruynooghe and
               Martin Wirsing},
  title     = {Why the Occur-Check is Not a Problem},
  booktitle = {Programming Language Implementation and Logic Programming, 4th International
               Symposium, PLILP'92, Leuven, Belgium, August 26-28, 1992, Proceedings},
  series    = {Lecture Notes in Computer Science},
  volume    = {631},
  pages     = {69--86},
  publisher = {Springer},
  year      = {1992},
  url       = {https://doi.org/10.1007/3-540-55844-6\_128},
  doi       = {10.1007/3-540-55844-6\_128},
  timestamp = {Tue, 14 May 2019 10:00:35 +0200},
  biburl    = {https://dblp.org/rec/conf/plilp/AptP92.bib},
  bibsource = {dblp computer science bibliography, https://dblp.org}
}

@inproceedings{GuardedFresh,
  author    = {Evan Donahue},
  title     = {{Guarded Fresh Goals: Dependency-Directed Introduction of Fresh Logic Variables}},
  year      = {2021},
  booktitle = {third miniKanren and Relational Programming Workshop}
}

@inproceedings{FloatArithmetics,
  author    = {Lucas Sandre and Malaika Zaidi and Lisa Zhang},
  title     = {{Relational Floating-Point Arithmetic}},
  year      = {2021},
  booktitle = {third miniKanren and Relational Programming Workshop}
}

@inproceedings{UniversalQuantification,
  author    = {Ende Jin and
  					Gregory Rosenblatt and
  					Matthew Might and
  					Lisa Zhang},
  title     = {{Universal Quantification and Implication in miniKanren}},
  year      = {2021},
  booktitle = {third miniKanren and Relational Programming Workshop}
}

@article{SevenProblems,
  author    = {William E. Byrd and
               A. Ballantyne and
               Gregory Rosenblatt and
               Matthew Might},
  title     = {A unified approach to solving seven programming problems (functional
               pearl)},
  journal   = {Proc. {ACM} Program. Lang.},
  volume    = {1},
  number    = {{ICFP}},
  pages     = {8:1--8:26},
  year      = {2017},
  url       = {https://doi.org/10.1145/3110252},
  doi       = {10.1145/3110252},
  timestamp = {Wed, 17 Feb 2021 08:54:14 +0100},
  biburl    = {https://dblp.org/rec/journals/pacmpl/ByrdBRM17.bib},
  bibsource = {dblp computer science bibliography, https://dblp.org}
}


@inproceedings{Quines,
  author    = {William E. Byrd and
               Eric Holk and
               Daniel P. Friedman},
  editor    = {Olivier Danvy},
  title     = {miniKanren, live and untagged: quine generation via relational interpreters
               (programming pearl)},
  booktitle = {Proceedings of the 2012 Annual Workshop on Scheme and Functional Programming,
               Scheme 2012, Copenhagen, Denmark, September 9-15, 2012},
  pages     = {8--29},
  publisher = {{ACM}},
  year      = {2012},
  url       = {https://doi.org/10.1145/2661103.2661105},
  doi       = {10.1145/2661103.2661105},
  timestamp = {Tue, 06 Nov 2018 16:59:25 +0100},
  biburl    = {https://dblp.org/rec/conf/icfp/ByrdHF12.bib},
  bibsource = {dblp computer science bibliography, https://dblp.org}
}

@inproceedings{Matching,
  author    = {Dmitry Kosarev and
               Petr Lozov and
               Dmitry Boulytchev},
  editor    = {Bruno C. d. S. Oliveira},
  title     = {Relational Synthesis for Pattern Matching},
  booktitle = {Programming Languages and Systems - 18th Asian Symposium, {APLAS}
               2020, Fukuoka, Japan, November 30 - December 2, 2020, Proceedings},
  series    = {Lecture Notes in Computer Science},
  volume    = {12470},
  pages     = {293--310},
  publisher = {Springer},
  year      = {2020},
  url       = {https://doi.org/10.1007/978-3-030-64437-6\_15},
  doi       = {10.1007/978-3-030-64437-6\_15},
  timestamp = {Tue, 01 Dec 2020 09:11:49 +0100},
  biburl    = {https://dblp.org/rec/conf/aplas/KosarevLB20.bib},
  bibsource = {dblp computer science bibliography, https://dblp.org}
}