%\bibitem{TRS}
%Daniel P. Friedman, William E.Byrd, Oleg Kiselyov. The Reasoned Schemer. The MIT
%Press, 2005.
@book{TRS,
 author = {Friedman, Daniel P. and Byrd, William E. and Kiselyov, Oleg},
 title = {The Reasoned Schemer},
 year = {2005},
 isbn = {0262562146},
 publisher = {The MIT Press},
} 

%\bibitem{MicroKanren}
%Jason Hemann, Daniel P. Friedman. $\mu$Kanren: A Minimal Core for Relational Programming //
%Proceedings of the 2013 Workshop on Scheme and Functional Programming (Scheme '13).
@inproceedings{MicroKanren,
  title={$\mu$Kanren: A Minimal Functional Core for Relational Programming},
  author={Jason Hemann and Daniel P. Friedman},
  booktitle = {Proceedings of the 2013 Annual Workshop on Scheme and Functional Programming},
  year={2013}
}

%\bibitem{alphaKanren}
%William E. Byrd, Daniel P. Friedman. alphaKanren: A Fresh Name in Nominal Logic Programming //
%Proceedings of the 2007 Workshop on Scheme and Functional Programming (Scheme '07).
@inproceedings{alphaKanren,
    author = {William E. Byrd and Daniel P. Friedman},
    pages = "79--90",
    booktitle = {Proceedings of the 2007 Annual Workshop on Scheme and Functional Programming},
    title = "{$\alpha$kanren}: A Fresh Name in Nominal Logic Programming",
    year = {2007} 
}


%\bibitem{CKanren}
%Claire E. Alvis, Jeremiah J. Willcock, Kyle M. Carter, William E. Byrd, Daniel P. Friedman.
%cKanren: miniKanren with Constraints //
%Proceedings of the 2011 Workshop on Scheme and Functional Programming (Scheme '11).
@inproceedings{CKanren,
    author = {Alvis, Claire E. and Willcock, Jeremiah J. and Carter, Kyle M. and Byrd, William E. and Friedman, Daniel P.},
    title = {{cKanren}: {miniKanren} with Constraints},
    booktitle = {Proceedings of the 2011 Annual Workshop on Scheme and Functional Programming},
    year = 2011,
    month = oct,
    pdf = {http://scheme2011.ucombinator.org/papers/Alvis2011.pdf} 
}

%\bibitem{Untagged}
%William E. Byrd, Eric Holk, Daniel P. Friedman.
%miniKanren, Live and Untagged: Quine Generation via Relational Interpreters (Programming Pearl) //
%Proceedings of the 2012 Workshop on Scheme and Functional Programming (Scheme '12).
@inproceedings{Untagged,
 author = {Byrd, William E. and Holk, Eric and Friedman, Daniel P.},
 title = {miniKanren, Live and Untagged: Quine Generation via Relational Interpreters (Programming Pearl)},
 booktitle = {Proceedings of the 2012 Annual Workshop on Scheme and Functional Programming},
 series = {Scheme '12},
 year = {2012},
 isbn = {978-1-4503-1895-2},
 location = {Copenhagen, Denmark},
 pages = {8--29},
 numpages = {22},
 url = {http://doi.acm.org/10.1145/2661103.2661105},
 doi = {10.1145/2661103.2661105},
 acmid = {2661105},
 publisher = {ACM},
 address = {New York, NY, USA},
 keywords = {interpreters, logic programming, miniKanren, quines, relational programming, scheme, tagging},
} 

%\bibitem{Unification}
%Franz Baader, Wayne Snyder. UniÔ¨Åcation theory. In John Alan Robinsonand Andrei Voronkov, editors,
%Handbook of Automated Reasoning. Elsevier and MIT Press, 2001.
@book{Unification,
 editor = {Robinson, Alan and Voronkov, Andrei},
 title = {Handbook of Automated Reasoning},
 year = {2001},
 isbn = {0-444-50812-0},
 publisher = {Elsevier Science Publishers B. V.},
 address = {Amsterdam, The Netherlands, The Netherlands},
} 

%\bibitem{Lambda}
%Henk Barendregt. Lambda Calculi with Types, Handbook of Logic in Computer Science (Vol.~2), 1992.
@incollection{Lambda,
 author = {Barendregt, H. P.},
 chapter = {Lambda Calculi with Types},
 title = {Handbook of Logic in Computer Science (Vol. 2)},
 editor = {Abramsky, S. and Gabbay, Dov M. and Maibaum, S. E.},
 year = {1992},
 isbn = {0-19-853761-1},
 pages = {117--309},
 numpages = {193},
 url = {http://dl.acm.org/citation.cfm?id=162552.162561},
 acmid = {162561},
 publisher = {Oxford University Press, Inc.},
 address = {New York, NY, USA},
} 

%\bibitem{WillThesis}
%William E. Byrd. Relational Programming in miniKanren: Techniques, Applications, and Implementations. PhD Thesis,
%Indiana University, Bloomington, IN, September 30, 2009.
@PhdThesis{WillThesis,
 author = {William E. Byrd},
 title = {Relational Programming in miniKanren: Techniques, Applications, and Implementations},
 school = {Indiana University},
 year = 2009,
 month = {September} 
}

%\bibitem{ocanren}
%Dmitry Kosarev, Dmitry Boulytchev. Typed Embedding of a Relational Language in OCaml // International Workshop on ML, 2016.
@article{ocanren,
  title      = {Typed Embedding of a Relational Language in OCaml},
  author     = {Dmitry Kosarev and Dmitry Boulytchev},
  journal    = {ACM SIGPLAN Workshop on ML},
  year       = 2016,
  language   = "english"
}

%\bibitem{Types}
%Benjamin Pierce. Types and Programming Languages. MIT Press, 2002.
book{Types,
 author = {Pierce, Benjamin C.},
 title = {Types and Programming Languages},
 year = {2002},
 isbn = {0262162091, 9780262162098},
 edition = {1st},
 publisher = {The MIT Press},
} 

%\bibitem{Felleisen}
%Andrew Wright, Matthias Felleisen. A Syntactic Approach to Type Soundness // Information and Computation, Vol.~115, No.~1, 1994.
@article{Felleisen,
 author = {Wright, A.K. and Felleisen, M.},
 title = {A Syntactic Approach to Type Soundness},
 journal = {Inf. Comput.},
 issue_date = {Nov. 15, 1994},
 volume = {115},
 number = {1},
 month = nov,
 year = {1994},
 issn = {0890-5401},
 pages = {38--94},
 numpages = {57},
 url = {http://dx.doi.org/10.1006/inco.1994.1093},
 doi = {10.1006/inco.1994.1093},
 acmid = {191909},
 publisher = {Academic Press, Inc.},
 address = {Duluth, MN, USA},
} 

%\bibitem{cardelli}
%Luca Cardelli, Peter Wegner. On Understanding Types, Data Abstraction, and Polymorphism // ACM Computing Surveys, Vol.~17, No.~4, 1985.
@article{cardelli,
 author = {Cardelli, Luca and Wegner, Peter},
 title = {On Understanding Types, Data Abstraction, and Polymorphism},
 journal = {ACM Comput. Surv.},
 issue_date = {Dec. 1985},
 volume = {17},
 number = {4},
 month = dec,
 year = {1985},
 issn = {0360-0300},
 pages = {471--523},
 numpages = {53},
 url = {http://doi.acm.org/10.1145/6041.6042},
 doi = {10.1145/6041.6042},
 acmid = {6042},
 publisher = {ACM},
 address = {New York, NY, USA},
}

%\bibitem{unified}
%William E. Byrd, Michael Ballantyne, Gregory Rosenblatt, Matthew Might. A Unified Approach to Solving Seven Programming Problems // 
%Proceedings of the International Conference on Functional Programming, 2017.
@article{unified,
 author = {Byrd, William E. and Ballantyne, Michael and Rosenblatt, Gregory and Might, Matthew},
 title = {A Unified Approach to Solving Seven Programming Problems (Functional Pearl)},
 journal = {Proc. ACM Program. Lang.},
 issue_date = {September 2017},
 volume = {1},
 number = {ICFP},
 month = aug,
 year = {2017},
 issn = {2475-1421},
 pages = {8:1--8:26},
 articleno = {8},
 numpages = {26},
 url = {http://doi.acm.org/10.1145/3110252},
 doi = {10.1145/3110252},
 acmid = {3110252},
 publisher = {ACM},
 address = {New York, NY, USA},
 keywords = {Racket, Scheme, miniKanren, program synthesis, relational programming},
}

%\bibitem{WillOnHM}
%William E. Byrd. Personal communications.
@misc{WillOnHM,
  author        = "Byrd, William E.",
  howpublished  = "private communication"
}


@article{SmallEmbedding,
 author = {Hemann, Jason and Friedman, Daniel P. and Byrd, William E. and Might, Matthew},
 title = {A Small Embedding of Logic Programming with a Simple Complete Search},
 journal = {SIGPLAN Not.},
 issue_date = {February 2017},
 volume = {52},
 number = {2},
 month = nov,
 year = {2016},
 issn = {0362-1340},
 pages = {96--107},
 numpages = {12},
 url = {http://doi.acm.org/10.1145/3093334.2989230},
 doi = {10.1145/3093334.2989230},
 acmid = {2989230},
 publisher = {ACM},
 address = {New York, NY, USA},
 keywords = {Racket, logic programming, microKanren, miniKanren, relational programming, search, streams},
} 
