% no prepared bibitem found

@inproceedings{MuKanrenNew,
 author = {Hemann, Jason and Friedman, Daniel P. and Byrd, William E. and Might, Matthew},
 title = {A Small Embedding of Logic Programming with a Simple Complete Search},
 booktitle = {Proceedings of the 12th Symposium on Dynamic Languages},
 series = {DLS 2016},
 year = {2016},
 isbn = {978-1-4503-4445-6},
 location = {Amsterdam, Netherlands},
 pages = {96--107},
 numpages = {12},
 url = {http://doi.acm.org/10.1145/2989225.2989230},
 doi = {10.1145/2989225.2989230},
 acmid = {2989230},
 publisher = {ACM},
 address = {New York, NY, USA},
 keywords = {Racket, logic programming, microKanren, miniKanren, relational programming, search, streams},
}

@INPROCEEDINGS{TypedLogicalVariables,
    AUTHOR    = "Claessen Koen and Peter Ljungl\:of",
    noEDITOR    = "",
    ORGANIZATION = "",
    TITLE     = "Typed Logical Variables in Haskell",
    BOOKTITLE = "Electronic Notices in Theoretical Computer Science",
    CHAPTER   = "",
    EDITION   = "",
    YEAR      = "2001",
    PAGES     = "",
    EID       = "4",
    JOURNAL   = "",
    INSTITUTION = "",
    SCHOOL    = "",
    HOWPUBLISHED = "",
    PUBLISHER = "",
    ADDRESS   = "",
    SERIES    = "",
    VOLUME    = "41",
    NUMBER    = "1",
  noDOI       = "",
  noEE        = "",
  noNOTE      = ""}

@INPROCEEDINGS{PrologInHaskell,
    author = {Michael Spivey and Silvija Seres},
    title = {Embedding PROLOG in HASKELL},
    year = {1999},
    BOOKTITLE = "Proceedings of the 1999 Haskell Workshop"
}

@BOOK{TRS,
    KEY       = "AB",
    AUTHOR    = "Daniel P. Friedman and William E. Byrd and Oleg Kiselyov",
  noEDITOR    = "",
  noORGANIZATION = "",
    TITLE     = "The Reasoned Schemer",
    BOOKTITLE = "",
    TYPE      = "",
    CHAPTER   = "",
  noEDITION   = "",
    YEAR      = "2005",
    MONTH     = "Month",
    PAGES     = "",
    EID       = "",
    JOURNAL   = "",
    INSTITUTION = "",
    SCHOOL    = "",
    HOWPUBLISHED = "",
    PUBLISHER = "The MIT Press",
  noADDRESS   = "Address",
  noSERIES    = "Series",
  noVOLUME    = "443",
  noNUMBER    = "21",
  noDOI       = "",
  noEE        = "",
  noNOTE      = ""}

% no prepared bibitem found
@INPROCEEDINGS{MicroKanren,
    KEY       = "AB",
    AUTHOR    = "Jason Hemann and Daniel P. Friedman",
  noEDITOR    = "",
    ORGANIZATION = "",
    TITLE     = "$\mu$Kanren: A Minimal Core for Relational Programming",
    BOOKTITLE = "Proceedings of the 2013 Workshop on Scheme and Functional Programming (Scheme'13)",
    TYPE      = "Type",
    CHAPTER   = "II",
    EDITION   = "Second",
    YEAR      = "2013",
    MONTH     = "Month",
    PAGES     = "",
    EID       = "4",
    JOURNAL   = "Jounal",
    INSTITUTION = "Institution",
    SCHOOL    = "School",
    HOWPUBLISHED = "Howpublished",
    PUBLISHER = "",
    ADDRESS   = "",
    SERIES    = "",
  noVOLUME    = "",
  noNUMBER    = "",
  noDOI       = "",
    URL       = "http://webyrd.net/scheme-2013/papers/HemannMuKanren2013.pdf",
  noEE        = "",
  noNOTE      = ""}

% no prepared bibitem found
@INPROCEEDINGS{CKanren,
    KEY       = "AB",
    AUTHOR    = "Claire E. Alvis and Jeremiah J. Willcock and Kyle M. Carter and William E. Byrd and Daniel P. Friedman",
  noEDITOR    = "",
    ORGANIZATION = "",
    TITLE     = "cKanren: miniKanren with Constraints",
    BOOKTITLE = "Proceedings of the 2011 Workshop on Scheme and Functional Programming (Scheme '11).",
    TYPE      = "Type",
    CHAPTER   = "",
    EDITION   = "",
    YEAR      = "2011",
    MONTH     = "Month",
    PAGES     = "",
    EID       = "4",
    JOURNAL   = "",
    INSTITUTION = "",
    SCHOOL    = "",
    HOWPUBLISHED = "",
    PUBLISHER = "",
    ADDRESS   = "",
    SERIES    = "",
  noVOLUME    = "",
  noNUMBER    = "",
  noDOI       = "",
  noEE        = "",
  noNOTE      = ""}

@inproceedings{Untagged,
    author = {Byrd, William E. and Holk, Eric and Friedman, Daniel P.},
    title = {miniKanren, Live and Untagged: Quine Generation via Relational Interpreters (Programming Pearl)},
    booktitle = {Proceedings of the 2012 Annual Workshop on Scheme and Functional Programming},
    series = {Scheme '12},
    year = {2012},
    isbn = {978-1-4503-1895-2},
    location = {Copenhagen, Denmark},
    pages = {8--29},
    numpages = {22},
    url = {http://doi.acm.org/10.1145/2661103.2661105},
    doi = {10.1145/2661103.2661105},
    acmid = {2661105},
    publisher = {ACM},
    address = {New York, NY, USA},
    keywords = {interpreters, logic programming, miniKanren, quines, relational programming, scheme, tagging},
}

@INPROCEEDINGS{Implicits,
    KEY       = "AB",
    AUTHOR    = "Leo White and Fr\'ed\'eric Bour and Jeremy Yallop",
    EDITOR    = "",
    ORGANIZATION = "",
    TITLE     = "Modular Implicits",
    BOOKTITLE = "Proceedings ML Family/OCaml Users and Developers workshops",
    TYPE      = "",
    CHAPTER   = "",
    EDITION   = "",
    YEAR      = "2015",
    MONTH     = "",
    PAGES     = "22-63",
    EID       = "",
    JOURNAL   = "",
    INSTITUTION = "",
    SCHOOL    = "",
    HOWPUBLISHED = "EPTCS 198, 2015, pp. 22-63",
    PUBLISHER = "",
    ADDRESS   = "",
    SERIES    = "",
    VOLUME    = "198",
    NUMBER    = "",
    DOI       = "10.4204/EPTCS.198.2",
    EE        = "http://arxiv.org/abs/1512.01895",
  noNOTE      = ""}

@ARTICLE{Unparsing,
    KEY       = "AB",
    AUTHOR    = "Olivier Danvy",
    EDITOR    = "",
    ORGANIZATION = "",
    TITLE     = "Functional Unparsing",
    BOOKTITLE = "",
    TYPE      = "",
    CHAPTER   = "",
    EDITION   = "",
    YEAR      = "1998",
    MONTH     = "",
    JOURNAL   = "Journal of Functional Programming",
    VOLUME    = "8",
    NUMBER    = "6",
  noPAGES     = "",
    EID       = "",
    INSTITUTION = "",
    SCHOOL    = "",
    HOWPUBLISHED = "",
    PUBLISHER = "",
    ADDRESS   = "",
    SERIES    = "",
    DOI       = "",
    URL       = "",
    NOTE      = ""}

@ARTICLE{DoWeNeed,
    KEY       = "AB",
    AUTHOR    = "Daniel Fridlender and Mia Indrika",
    EDITOR    = "",
    ORGANIZATION = "",
    TITLE     = "Do we need dependent types?",
    BOOKTITLE = "",
    TYPE      = "",
    CHAPTER   = "",
    EDITION   = "",
    YEAR      = "2000",
    MONTH     = "",
    JOURNAL   = "Journal of Functional Programming",
    VOLUME    = "10",
    NUMBER    = "4",
  noPAGES     = "",
    EID       = "",
    INSTITUTION = "",
    SCHOOL    = "",
    HOWPUBLISHED = "",
    PUBLISHER = "",
    ADDRESS   = "",
    SERIES    = "",
    DOI       = "",
    URL       = "",
    NOTE      = ""}

@INPROCEEDINGS{DGP,
    author = {Gibbons, Jeremy},
    title = {Datatype-generic Programming},
    booktitle = {Proceedings of the 2006 International Conference on Datatype-generic Programming},
    series = {SSDGP'06},
    year = {2007},
    isbn = {3-540-76785-1, 978-3-540-76785-5},
    location = {Nottingham, UK},
    pages = {1--71},
    numpages = {71},
    url = {http://dl.acm.org/citation.cfm?id=1782894.1782895},
    acmid = {1782895},
    publisher = {Springer-Verlag},
    address = {Berlin, Heidelberg} }

@INPROCEEDINGS{Deriving,
    KEY       = "AB",
    author = {Yallop, Jeremy},
    title = {Practical Generic Programming in OCaml},
    booktitle = {Proceedings of the 2007 Workshop on Workshop on ML},
    series = {ML '07},
    year = {2007},
    isbn = {978-1-59593-676-9},
    location = {Freiburg, Germany},
    pages = {83--94},
    numpages = {12},
    url = {http://doi.acm.org/10.1145/1292535.1292548},
    doi = {10.1145/1292535.1292548},
    acmid = {1292548},
    publisher = {ACM},
    address = {New York, NY, USA},
    keywords = {OCaml, deriving, generic programming},
}

% no predefined bibitem
@ARTICLE{InstantGenerics,
    KEY       = "AB",
    AUTHOR    = "Manuel M. T. Chakravarty and Gabriel C. Ditu and Roman Leshchinskiy",
    EDITOR    = "",
    ORGANIZATION = "",
    TITLE     = "Instant Generics: Fast and Easy",
    BOOKTITLE = "",
    TYPE      = "",
    CHAPTER   = "",
    EDITION   = "",
    YEAR      = "2009",
    MONTH     = "",
    JOURNAL   = "",
    VOLUME    = "",
    NUMBER    = "",
  noPAGES     = "",
    EID       = "",
    INSTITUTION = "",
    SCHOOL    = "",
    HOWPUBLISHED = "",
    PUBLISHER = "",
    ADDRESS   = "",
    SERIES    = "",
    DOI       = "",
    URL       = "http://www.cse.unsw.edu.au/~chak/papers/CDL09.html",
    NOTE      = ""}

% no predefined
@ARTICLE{ALaCarte,
    KEY       = "AB",
    AUTHOR    = "Wouter Swierstra",
    EDITOR    = "",
    ORGANIZATION = "Organization",
    TITLE     = "Data Types \'a la Carte",
    BOOKTITLE = "",
    TYPE      = "",
    CHAPTER   = "",
    EDITION   = "",
    YEAR      = "2008",
    MONTH     = "",
  noPAGES     = "",
    EID       = "",
    JOURNAL   = "Journal of Functional Programming",
    INSTITUTION = "",
    SCHOOL    = "",
    HOWPUBLISHED = "",
    PUBLISHER = "",
    ADDRESS   = "",
    SERIES    = "",
    VOLUME    = "18",
    NUMBER    = "4",
    DOI       = "",
    URL       = "",
    NOTE      = ""}

% It seems there is no special tag for bachelor thesis
@MISC{Kumar,
    KEY       = "AB",
    AUTHOR    = "Ramana Kumar",
    EDITOR    = "",
    ORGANIZATION = "",
    TITLE     = "Mechanising Aspects of miniKanren in HOL",
    BOOKTITLE = "",
    TYPE      = "",
    CHAPTER   = "",
    EDITION   = "",
    YEAR      = "2010",
    MONTH     = "",
    PAGES     = "",
    EID       = "",
    JOURNAL   = "",
    INSTITUTION = "",
    SCHOOL    = "",
    HOWPUBLISHED = "Bachelor Thesis, The Australian National University",
    PUBLISHER = "",
    ADDRESS   = "",
    SERIES    = "",
    VOLUME    = "",
    NUMBER    = "",
    DOI       = "",
    EE        = "",
    NOTE      = ""}

% http://dl.acm.org/citation.cfm?id=778522
@BOOK{Unification,
    KEY       = "AB",
    AUTHOR    = "Franz Baader and Wayne Snyder",
    EDITOR    = "John Alan Robinson and Andrei Voronkov",
  noORGANIZATION = "",
    TITLE     = "Handbook of Automated Reasoning",
    BOOKTITLE = "",
    TYPE      = "",
    CHAPTER   = "",
  noEDITION   = "",
    YEAR      = "2001",
    MONTH     = "",
    PAGES     = "",
    EID       = "",
    JOURNAL   = "",
    INSTITUTION = "",
    SCHOOL    = "",
    HOWPUBLISHED = "",
    PUBLISHER = "Elsevier and MIT Press",
  noADDRESS   = "",
  noSERIES    = "",
  noVOLUME    = "",
  noNUMBER    = "",
  noDOI       = "",
  noEE        = "",
  noNOTE      = ""}

% no bibitem
@UNPUBLISHED{triangular,
    KEY       = "AB",
    AUTHOR    = "David C. Bender and Lindsey Kuper and William E. Byrd and Daniel P. Friedman",
    TITLE     = "Efficient Representations for Triangular Substitutions: a Comparison in miniKanren",
    YEAR      = "2009",
    
  noMONTH     = "",
    NOTE      = "Unpublished manuscript"}

@Inbook{HKinded,
author="Yallop, Jeremy
and White, Leo",
editor="Codish, Michael
and Sumii, Eijiro",
title="Lightweight Higher-Kinded Polymorphism",
bookTitle="Functional and Logic Programming: 12th International Symposium, FLOPS 2014, Kanazawa, Japan, June 4-6, 2014. Proceedings",
year="2014",
publisher="Springer International Publishing",
address="Cham",
pages="119--135",
abstract="Higher-kinded polymorphism ---i.e. abstraction over type constructors--- is an essential component of many functional programming techniques such as monads, folds, and embedded DSLs. ML-family languages typically support a form of abstraction over type constructors using functors, but the separation between the core language and the module language leads to awkwardness as functors proliferate.",
isbn="978-3-319-07151-0",
doi="10.1007/978-3-319-07151-0_8",
url="https://doi.org/10.1007/978-3-319-07151-0_8"
}

@BOOK{Lambda,
    KEY       = "AB",
    author = {Barendregt, H. P.},
    chapter = {Lambda Calculi with Types},
    title = {Handbook of Logic in Computer Science (Vol. 2)},
    editor = {Abramsky, S. and Gabbay, Dov M. and Maibaum, S. E.},
    year = {1992},
    isbn = {0-19-853761-1},
    pages = {117--309},
    numpages = {193},
    url = {http://dl.acm.org/citation.cfm?id=162552.162561},
    acmid = {162561},
    publisher = {Oxford University Press, Inc.},
    address = {New York, NY, USA}, }

@PHDTHESIS{WillThesis,
    KEY       = "AB",
    author = {Byrd, William E.},
    advisor = {Friedman, Daniel P.},
    title = {Relational Programming in Minikanren: Techniques, Applications, and Implementations},
    year = {2009},
    isbn = {978-1-109-50468-2},
    note = {AAI3380156},
    publisher = {Indiana University},
    address = {Indianapolis, IN, USA}, }

@ARTICLE{Optimizations,
    AUTHOR    = "William E. Byrd and Michael Ballantyne",
    TITLE     = "Personal communications",
    YEAR      = "2017"
}

@article{KiselyovBacktracking,
    author = {Kiselyov, Oleg and Shan, Chung-chieh and Friedman, Daniel P. and Sabry, Amr},
    title = {Backtracking, Interleaving, and Terminating Monad Transformers: (Functional Pearl)},
    journal = {SIGPLAN Not.},
    issue_date = {September 2005},
    volume = {40},
    number = {9},
    month = sep,
    year = {2005},
    issn = {0362-1340},
    pages = {192--203},
    numpages = {12},
    url = {http://doi.acm.org/10.1145/1090189.1086390},
    doi = {10.1145/1090189.1086390},
    acmid = {1086390},
    publisher = {ACM},
    address = {New York, NY, USA},
    keywords = {Haskell, Prolog, continuations, control delimiters, logic programming, streams},
}

@inproceedings{KiselyovArithm,
 author = {Kiselyov, Oleg and Byrd, William E. and Friedman, Daniel P. and Shan, Chung-Chieh},
 title = {Pure, Declarative, and Constructive Arithmetic Relations (Declarative Pearl)},
 booktitle = {Proceedings of the 9th International Conference on Functional and Logic Programming},
 series = {FLOPS'08},
 year = {2008},
 isbn = {3-540-78968-5, 978-3-540-78968-0},
 location = {Ise, Japan},
 pages = {64--80},
 numpages = {17},
 url = {http://dl.acm.org/citation.cfm?id=1788446.1788456},
 acmid = {1788456},
 publisher = {Springer-Verlag},
 address = {Berlin, Heidelberg},
}

@inproceedings{SheardTMH,
 author = {Sheard, Tim and Jones, Simon Peyton},
 title = {Template Meta-programming for Haskell},
 booktitle = {Proceedings of the 2002 ACM SIGPLAN Workshop on Haskell},
 series = {Haskell '02},
 year = {2002},
 isbn = {1-58113-605-6},
 location = {Pittsburgh, Pennsylvania},
 pages = {1--16},
 numpages = {16},
 url = {http://doi.acm.org/10.1145/581690.581691},
 doi = {10.1145/581690.581691},
 acmid = {581691},
 publisher = {ACM},
 address = {New York, NY, USA},
 keywords = {meta programming, templates},
}

@INPROCEEDINGS{CurryFirstPaper,
  author = "Hanus, M. and Kuchen, H. and Moreno-Navarro, J.J.",
  title = "Curry: A Truly Functional Logic Language",
  year = "1995",
  booktitle = "Proc. ILPS'95 Workshop on Visions for the Future of Logic Programming",
  pages = "95-107",
}

@article{MercuryFirstPaper,
  title = "The execution algorithm of mercury, an efficient purely declarative logic programming language",
  journal = "The Journal of Logic Programming",
  volume = "29",
  number = "1",
  pages = "17 - 64",
  year = "1996",
  note = "High-Performance Implementations of Logic Programming Systems",
  issn = "0743-1066",
  doi = "https://doi.org/10.1016/S0743-1066(96)00068-4",
  url = "http://www.sciencedirect.com/science/article/pii/S0743106696000684",
  author = "Zoltan Somogyi and Fergus Henderson and Thomas Conway"
}