@misc{garrigue2017gadts,
    title={GADTs and Exhaustiveness: Looking for the Impossible},
    author={Jacques Garrigue and Jacques Le Normand},
    year={2017},
    eprint={1702.02281},
    archivePrefix={arXiv},
    primaryClass={cs.PL}
}

@inproceedings{maranget2008,
author = {Maranget, Luc},
title = {Compiling Pattern Matching to Good Decision Trees},
year = {2008},
isbn = {9781605580623},
publisher = {Association for Computing Machinery},
address = {New York, NY, USA},
url = {https://doi.org/10.1145/1411304.1411311},
doi = {10.1145/1411304.1411311},
booktitle = {Proceedings of the 2008 ACM SIGPLAN Workshop on ML},
pages = {35–46},
numpages = {12},
keywords = {decision trees, match compilers, heuristics},
location = {Victoria, BC, Canada},
series = {ML ’08}
}

@article{maranget2007, title={Warnings for pattern matching}, volume={17}, DOI={10.1017/S0956796807006223}, number={3}, journal={Journal of Functional Programming}, publisher={Cambridge University Press}, author={MARANGET, LUC}, year={2007}, pages={387–421}}


@article{maranget2001,
author = {Le Fessant, Fabrice and Maranget, Luc},
title = {Optimizing Pattern Matching},
year = {2001},
issue_date = {October 2001},
publisher = {Association for Computing Machinery},
address = {New York, NY, USA},
volume = {36},
number = {10},
issn = {0362-1340},
url = {https://doi.org/10.1145/507669.507641},
doi = {10.1145/507669.507641},
journal = {SIGPLAN Not.},
month = oct,
pages = {26–37},
numpages = {12}
}

  



@book{Coq,
  author    = {Yves Bertot and
               Pierre Cast{\'{e}}ran},
  title     = {Interactive Theorem Proving and Program Development - Coq'Art: The
               Calculus of Inductive Constructions},
  series    = {Texts in Theoretical Computer Science. An {EATCS} Series},
  publisher = {Springer},
  year      = {2004},
  url       = {https://doi.org/10.1007/978-3-662-07964-5},
  doi       = {10.1007/978-3-662-07964-5},
  isbn      = {978-3-642-05880-6},
  timestamp = {Tue, 16 May 2017 14:24:38 +0200},
  biburl    = {https://dblp.org/rec/bib/series/txtcs/BertotC04},
  bibsource = {dblp computer science bibliography, https://dblp.org}
}

@article{TarskiKnaster,
author = {Tarski, Alfred},
year = {1955},
month = {06},
pages = {},
title = {A Lattice-Theoretical Fixpoint Theorem and Its Applications},
volume = {5},
journal = {Pacific Journal of Mathematics},
doi = {10.2140/pjm.1955.5.285}
}

@book{LHM,
  author    = {John W. Lloyd},
  title     = {Foundations of Logic Programming, 1st Edition},
  publisher = {Springer},
  year      = {1984},
  isbn      = {3-540-13299-6},
  timestamp = {Thu, 03 Jan 2002 11:51:48 +0100},
  biburl    = {https://dblp.org/rec/bib/books/sp/Lloyd84},
  bibsource = {dblp computer science bibliography, https://dblp.org}
}

@article{HOAS,
  author    = {Frank Pfenning and
               Conal Elliott},
  title     = {Higher-Order Abstract Syntax},
  booktitle = {Proceedings of the {ACM} SIGPLAN'88 Conference on Programming Language
               Design and Implementation (PLDI), Atlanta, Georgia, USA, June 22-24,
               1988},
  pages     = {199--208},
  year      = {1988},
  url       = {https://doi.org/10.1145/53990.54010},
  doi       = {10.1145/53990.54010},
  timestamp = {Wed, 14 Nov 2018 10:54:59 +0100},
  biburl    = {https://dblp.org/rec/bib/conf/pldi/PfenningE88},
  bibsource = {dblp computer science bibliography, https://dblp.org}
}

@inproceedings{Monads,
  author    = {Philip Wadler},
  title     = {Monads for Functional Programming},
  booktitle = {Advanced Functional Programming, First International Spring School
               on Advanced Functional Programming Techniques, B{\aa}stad, Sweden,
               May 24-30, 1995, Tutorial Text},
  pages     = {24--52},
  year      = {1995},
  url       = {https://doi.org/10.1007/3-540-59451-5\_2},
  doi       = {10.1007/3-540-59451-5\_2},
  timestamp = {Tue, 14 May 2019 10:00:44 +0200},
  biburl    = {https://dblp.org/rec/bib/conf/afp/Wadler95},
  bibsource = {dblp computer science bibliography, https://dblp.org}
}

@inproceedings{BottomAvoiding,
  author = {Byrd, William E. and Friedman, Daniel P. and Kumar, Ramana and Near, Joseph P.},
  title = {A Shallow Scheme Embedding of Bottom-Avoiding Streams},
  booktitle = {To appear in a special issue of Higher-Order and Symbolic Computation, in honor of Mitchell Wand's 60th birthday},
  year={}
}

@inproceedings{DivTest,
  author    = {Dmitri Rozplokhas and
               Dmitri Boulytchev},
  title     = {Improving Refutational Completeness of Relational Search via Divergence
               Test},
  booktitle = {Proceedings of the 20th International Symposium on Principles and
               Practice of Declarative Programming, {PPDP} 2018, Frankfurt am Main,
               Germany, September 03-05, 2018},
  pages     = {18:1--18:13},
  year      = {2018},
  url       = {https://doi.org/10.1145/3236950.3236958},
  doi       = {10.1145/3236950.3236958},
  timestamp = {Wed, 21 Nov 2018 12:44:13 +0100},
  biburl    = {https://dblp.org/rec/bib/conf/ppdp/RozplokhasB18},
  bibsource = {dblp computer science bibliography, https://dblp.org}
}

@book{TRS,
  author    = {Daniel P. Friedman and
               William E. Byrd and
               Oleg Kiselyov},
  title     = {The reasoned schemer},
  publisher = {{MIT} Press},
  year      = {2005},
  isbn      = {978-0-262-56214-0},
  timestamp = {Wed, 06 Apr 2011 15:25:01 +0200},
  biburl    = {https://dblp.org/rec/bib/books/daglib/0015651},
  bibsource = {dblp computer science bibliography, https://dblp.org}
}

@inproceedings{MicroKanren,
  title={$\mu$Kanren: A Minimal Functional Core for Relational Programming},
  author={Jason Hemann and Daniel P. Friedman},
  booktitle = {Proceedings of the 2013 Annual Workshop on Scheme and Functional Programming},
  year={2013}
}

@inproceedings{CKanren,
  author = {Alvis, Claire E. and Willcock, Jeremiah J. and Carter, Kyle M. and Byrd, William E. and Friedman, Daniel P.},
  title = {{cKanren}: {miniKanren} with Constraints},
  booktitle = {Proceedings of the 2011 Annual Workshop on Scheme and Functional Programming},
  year = 2011,
  month = oct,
  pdf = {http://scheme2011.ucombinator.org/papers/Alvis2011.pdf} 
}

@inproceedings{Untagged,
  author    = {William E. Byrd and
               Eric Holk and
               Daniel P. Friedman},
  title     = {miniKanren, live and untagged: quine generation via relational interpreters
               (programming pearl)},
  booktitle = {Proceedings of the 2012 Annual Workshop on Scheme and Functional Programming,
               Scheme 2012, Copenhagen, Denmark, September 9-15, 2012},
  pages     = {8--29},
  year      = {2012},
  url       = {https://doi.org/10.1145/2661103.2661105},
  doi       = {10.1145/2661103.2661105},
  timestamp = {Tue, 06 Nov 2018 16:59:25 +0100},
  biburl    = {https://dblp.org/rec/bib/conf/icfp/ByrdHF12},
  bibsource = {dblp computer science bibliography, https://dblp.org}
}

@incollection{Unification,
  author = {Baader, Franz and Snyder, Wayne},
  chapter = {Unification Theory},
  editor = {Robinson, Alan and Voronkov, Andrei},
  title = {Handbook of Automated Reasoning},
  year = {2001},
  isbn = {0-444-50812-0},
  publisher = {Elsevier Science Publishers B. V.},
  address = {Amsterdam, The Netherlands, The Netherlands},
}

@PhdThesis{WillThesis,
  author = {William E. Byrd},
  title = {Relational Programming in miniKanren: Techniques, Applications, and Implementations},
  school = {Indiana University},
  year = 2009,
  month = {September} 
}

@article{OCanren,
  author    = {Dmitry Kosarev and
               Dmitry Boulytchev},
  title     = {Typed Embedding of a Relational Language in OCaml},
  booktitle = {Proceedings {ML} Family Workshop / OCaml Users and Developers workshops,
               {ML/OCAML} 2016, Nara, Japan, September 22-23, 2016},
  pages     = {1--22},
  year      = {2016},
  url       = {https://doi.org/10.4204/EPTCS.285.1},
  doi       = {10.4204/EPTCS.285.1},
  timestamp = {Fri, 04 Jan 2019 12:22:11 +0100},
  biburl    = {https://dblp.org/rec/bib/journals/corr/abs-1805-11006},
  bibsource = {dblp computer science bibliography, https://dblp.org}
}

@article{unified,
  author    = {William E. Byrd and
               Michael Ballantyne and
               Gregory Rosenblatt and
               Matthew Might},
  title     = {A unified approach to solving seven programming problems (functional
               pearl)},
  journal   = {{PACMPL}},
  volume    = {1},
  number    = {{ICFP}},
  pages     = {8:1--8:26},
  year      = {2017},
  url       = {https://doi.org/10.1145/3110252},
  doi       = {10.1145/3110252},
  timestamp = {Tue, 06 Nov 2018 12:51:05 +0100},
  biburl    = {https://dblp.org/rec/bib/journals/pacmpl/ByrdBRM17},
  bibsource = {dblp computer science bibliography, https://dblp.org}
}

@inproceedings{AlphaKanren,
  author = {William E. Byrd and Daniel P. Friedman},
  pages = "79--90",
  booktitle = {Proceedings of the 2007 Annual Workshop on Scheme and Functional Programming},
  title = "{$\alpha$kanren}: A Fresh Name in Nominal Logic Programming",
  year = {2007} 
}

@inproceedings{2016,
  author    = {Jason Hemann and
               Daniel P. Friedman and
               William E. Byrd and
               Matthew Might},
  title     = {A small embedding of logic programming with a simple complete search},
  booktitle = {Proceedings of the 12th Symposium on Dynamic Languages, {DLS} 2016,
               Amsterdam, The Netherlands, November 1, 2016},
  pages     = {96--107},
  year      = {2016},
  url       = {https://doi.org/10.1145/2989225.2989230},
  doi       = {10.1145/2989225.2989230},
  timestamp = {Tue, 06 Nov 2018 16:57:15 +0100},
  biburl    = {https://dblp.org/rec/bib/conf/dls/HemannFBM16},
  bibsource = {dblp computer science bibliography, https://dblp.org}
}

@article{Search,
  author    = {Oleg Kiselyov and
               Chung{-}chieh Shan and
               Daniel P. Friedman and
               Amr Sabry},
  title     = {Backtracking, interleaving, and terminating monad transformers: (functional
               pearl)},
  booktitle = {Proceedings of the 10th {ACM} {SIGPLAN} International Conference on
               Functional Programming, {ICFP} 2005, Tallinn, Estonia, September 26-28,
               2005},
  pages     = {192--203},
  year      = {2005},
  url       = {https://doi.org/10.1145/1086365.1086390},
  doi       = {10.1145/1086365.1086390},
  timestamp = {Wed, 14 Nov 2018 10:52:41 +0100},
  biburl    = {https://dblp.org/rec/bib/conf/icfp/KiselyovSFS05},
  bibsource = {dblp computer science bibliography, https://dblp.org}
}

@inproceedings{KiselyovArithmetic,
  author    = {Oleg Kiselyov and
               William E. Byrd and
               Daniel P. Friedman and
               Chung{-}chieh Shan},
  title     = {Pure, Declarative, and Constructive Arithmetic Relations (Declarative
               Pearl)},
  booktitle = {Functional and Logic Programming, 9th International Symposium, {FLOPS}
               2008, Ise, Japan, April 14-16, 2008. Proceedings},
  pages     = {64--80},
  year      = {2008},
  url       = {https://doi.org/10.1007/978-3-540-78969-7\_7},
  doi       = {10.1007/978-3-540-78969-7\_7},
  timestamp = {Tue, 14 May 2019 10:00:53 +0200},
  biburl    = {https://dblp.org/rec/bib/conf/flops/KiselyovBFS08},
  bibsource = {dblp computer science bibliography, https://dblp.org}
}

@inproceedings{CKanren1,
  author    = {Jason Hemann and
               Daniel P. Friedman},
  title     = {A Framework for Extending microKanren with Constraints},
  booktitle = {Proceedings 29th and 30th Workshops on (Constraint) Logic Programming
               and 24th International Workshop on Functional and (Constraint) Logic
               Programming, {WLP} 2015 / {WLP} 2016 / {WFLP} 2016, Dresden and Leipzig,
               Germany, 22nd September 2015 and 12-14th September 2016},
  pages     = {135--149},
  year      = {2017},
  url       = {https://doi.org/10.4204/EPTCS.234.10},
  doi       = {10.4204/EPTCS.234.10},
  timestamp = {Wed, 09 Oct 2019 16:19:29 +0200},
  biburl    = {https://dblp.org/rec/bib/journals/corr/HemannF17},
  bibsource = {dblp computer science bibliography, https://dblp.org}
}

@inproceedings{Guided,
  author = {Cameron Swords and Daniel P. Friedman},
  pages = {},
  booktitle = {Proceedings of the 2013 Annual Workshop on Scheme and Functional Programming},
  title = "rKanren: Guided Search in miniKanren",
  year = {2013} 
}

@inproceedings{CertifiedSemantics,
  author = {Dmitry Rozplokhas and Dmitry Boulytchev},
  pages = {},
  booktitle = {miniKanren and Relational Programming Workshop},
  title = "Certified Semantics for miniKanren",
  year = {2019} 
}

@inproceedings{RelConversion,
  author    = {Petr Lozov and
               Andrei Vyatkin and
               Dmitry Boulytchev},
  title     = {Typed Relational Conversion},
  booktitle = {Trends in Functional Programming - 18th International Symposium, {TFP}
               2017, Canterbury, UK, June 19-21, 2017, Revised Selected Papers},
  pages     = {39--58},
  year      = {2017},
  url       = {https://doi.org/10.1007/978-3-319-89719-6\_3},
  doi       = {10.1007/978-3-319-89719-6\_3},
  timestamp = {Tue, 14 May 2019 10:00:44 +0200},
  biburl    = {https://dblp.org/rec/bib/conf/sfp/LozovVB17},
  bibsource = {dblp computer science bibliography, https://dblp.org}
}

@inproceedings{CertifiedRevProg,
  author    = {Luca Paolini and
               Mauro Piccolo and
               Luca Roversi},
  title     = {A Certified Study of a Reversible Programming Language},
  booktitle = {21st International Conference on Types for Proofs and Programs, {TYPES}
               2015, May 18-21, 2015, Tallinn, Estonia},
  pages     = {7:1--7:21},
  year      = {2015},
  url       = {https://doi.org/10.4230/LIPIcs.TYPES.2015.7},
  doi       = {10.4230/LIPIcs.TYPES.2015.7},
  timestamp = {Wed, 25 Sep 2019 18:22:36 +0200},
  biburl    = {https://dblp.org/rec/bib/conf/types/PaoliniPR15},
  bibsource = {dblp computer science bibliography, https://dblp.org}
}

@InProceedings{CeritfiedDenotationalCut,
  author    = {Jael Kriener and
               Andy King},
  title     = {Semantics for Prolog with Cut - Revisited},
  booktitle = {Functional and Logic Programming - 12th International Symposium, {FLOPS}
               2014, Kanazawa, Japan, June 4-6, 2014. Proceedings},
  pages     = {270--284},
  year      = {2014},
  url       = {https://doi.org/10.1007/978-3-319-07151-0\_17},
  doi       = {10.1007/978-3-319-07151-0\_17},
  timestamp = {Tue, 14 May 2019 10:00:53 +0200},
  biburl    = {https://dblp.org/rec/bib/conf/flops/KrienerK14},
  bibsource = {dblp computer science bibliography, https://dblp.org}
}

@inproceedings{CertifiedPrologEquivalences,
  author    = {Jael Kriener and
               Andy King and
               Sandrine Blazy},
  title     = {Proofs you can believe in: proving equivalences between Prolog semantics
               in Coq},
  booktitle = {15th International Symposium on Principles and Practice of Declarative
               Programming, {PPDP} '13, Madrid, Spain, September 16-18, 2013},
  pages     = {37--48},
  year      = {2013},
  url       = {https://doi.org/10.1145/2505879.2505886},
  doi       = {10.1145/2505879.2505886},
  timestamp = {Wed, 25 Sep 2019 18:23:37 +0200},
  biburl    = {https://dblp.org/rec/bib/conf/ppdp/KrienerKB13},
  bibsource = {dblp computer science bibliography, https://dblp.org}
}

@MISC{MechanisingMiniKanren,
  author = "Ramana Kumar",
  title = "Mechanising Aspects of miniKanren in HOL",
  howpublished = "Bachelor Thesis, The Australian National University",
  year = "2010"
}

@inproceedings{JonesMycroftSemantics,
  author    = {Neil D. Jones and
               Alan Mycroft},
  title     = {Stepwise Development of Operational and Denotational Semantics for
               Prolog},
  booktitle = {Proceedings of the 1984 International Symposium on Logic Programming,
               Atlantic City, New Jersey, USA, February 6-9, 1984},
  pages     = {281--288},
  year      = {1984},
  timestamp = {Wed, 04 Dec 2013 14:42:59 +0100},
  biburl    = {https://dblp.org/rec/bib/conf/slp/JonesM84},
  bibsource = {dblp computer science bibliography, https://dblp.org}
}

@inproceedings{DebrayMishraSemantics,
  author    = {Saumya K. Debray and
               Prateek Mishra},
  title     = {Denotational and operational semantics for {PROLOG}},
  booktitle = {Formal Description of Programming Concepts - {III:} Proceedings of
               the {IFIP} {TC} 2/WG 2.2 Working Conference on Formal Description
               of Programming Concepts - III, Ebberup, Denmark, 25-28 August 1986},
  pages     = {245--274},
  year      = {1987},
  timestamp = {Thu, 10 Jan 2019 14:38:20 +0100},
  biburl    = {https://dblp.org/rec/bib/conf/ifip2/DebrayM87},
  bibsource = {dblp computer science bibliography, https://dblp.org}
}

@article{MGUinLCF,
  author    = {Lawrence C. Paulson},
  title     = {Verifying the Unification Algorithm in {LCF}},
  journal   = {Sci. Comput. Program.},
  volume    = {5},
  number    = {2},
  pages     = {143--169},
  year      = {1985},
  url       = {https://doi.org/10.1016/0167-6423(85)90009-7},
  doi       = {10.1016/0167-6423(85)90009-7},
  timestamp = {Wed, 14 Nov 2018 10:21:27 +0100},
  biburl    = {https://dblp.org/rec/bib/journals/scp/Paulson85},
  bibsource = {dblp computer science bibliography, https://dblp.org}
}

@inproceedings{MGUinMLTT,
    author = {Ana Bove},
    title = {Programming in Martin-Löf Type Theory: Unification -- A non-trivial Example},
    booktitle = {DEPARTMENT OF COMPUTER SCIENCE, CHALMERS UNIVERSITY OF TECHNOLOGY},
    year = {1999},
    pages = {22--42},
    publisher = {}
}

@inproceedings{IdempMGUinCoq,
  author    = {Sunil Kothari and
               James Caldwell},
  title     = {A Machine Checked Model of Idempotent {MGU} Axioms For Lists of Equational
               Constraints},
  booktitle = {Proceedings 24th International Workshop on Unification, {UNIF} 2010,
               Edinburgh, United Kingdom, 14th July 2010},
  pages     = {24--38},
  year      = {2010},
  url       = {https://doi.org/10.4204/EPTCS.42.3},
  doi       = {10.4204/EPTCS.42.3},
  timestamp = {Wed, 12 Sep 2018 01:05:14 +0200},
  biburl    = {https://dblp.org/rec/bib/journals/corr/abs-1012-4892},
  bibsource = {dblp computer science bibliography, https://dblp.org}
}

@inproceedings{TextbookMGUinCoq,
  author    = {Rodrigo Geraldo Ribeiro and
               Carlos Camar{\~{a}}o},
  title     = {A Mechanized Textbook Proof of a Type Unification Algorithm},
  booktitle = {Formal Methods: Foundations and Applications - 18th Brazilian Symposium,
               {SBMF} 2015, Belo Horizonte, Brazil, September 21-22, 2015, Proceedings},
  pages     = {127--141},
  year      = {2015},
  url       = {https://doi.org/10.1007/978-3-319-29473-5\_8},
  doi       = {10.1007/978-3-319-29473-5\_8},
  timestamp = {Tue, 14 May 2019 10:00:37 +0200},
  biburl    = {https://dblp.org/rec/bib/conf/sbmf/RibeiroC15},
  bibsource = {dblp computer science bibliography, https://dblp.org}
}

@article{StructuralMGU,
  author    = {Conor McBride},
  title     = {First-order unification by structural recursion},
  journal   = {J. Funct. Program.},
  volume    = {13},
  number    = {6},
  pages     = {1061--1075},
  year      = {2003},
  url       = {https://doi.org/10.1017/S0956796803004957},
  doi       = {10.1017/S0956796803004957},
  timestamp = {Wed, 14 Nov 2018 10:38:38 +0100},
  biburl    = {https://dblp.org/rec/bib/journals/jfp/McBride03},
  bibsource = {dblp computer science bibliography, https://dblp.org}
}

@inproceedings{HOASinCoq,
  author    = {Jo{\"{e}}lle Despeyroux and
               Amy P. Felty and
               Andr{\'{e}} Hirschowitz},
  title     = {Higher-Order Abstract Syntax in Coq},
  booktitle = {Typed Lambda Calculi and Applications, Second International Conference
               on Typed Lambda Calculi and Applications, {TLCA} '95, Edinburgh, UK,
               April 10-12, 1995, Proceedings},
  pages     = {124--138},
  year      = {1995},
  url       = {https://doi.org/10.1007/BFb0014049},
  doi       = {10.1007/BFb0014049},
  timestamp = {Tue, 14 May 2019 10:00:41 +0200},
  biburl    = {https://dblp.org/rec/bib/conf/tlca/DespeyrouxFH95},
  bibsource = {dblp computer science bibliography, https://dblp.org}
}

@inproceedings{PrologSemContinuations,
  author    = {Arie de Bruin and
               Erik P. de Vink},
  title     = {Continuation Semantics for {PROLOG} with Cut},
  booktitle = {TAPSOFT'89: Proceedings of the International Joint Conference on Theory
               and Practice of Software Development, Barcelona, Spain, March 13-17,
               1989, Volume 1: Advanced Seminar on Foundations of Innovative Software
               Development {I} and Colloquium on Trees in Algebra and Programming
               (CAAP'89)},
  pages     = {178--192},
  year      = {1989},
  url       = {https://doi.org/10.1007/3-540-50939-9\_132},
  doi       = {10.1007/3-540-50939-9\_132},
  timestamp = {Tue, 14 May 2019 10:00:50 +0200},
  biburl    = {https://dblp.org/rec/bib/conf/tapsoft/BruinV89},
  bibsource = {dblp computer science bibliography, https://dblp.org}
}

@inproceedings{Disunification,
  title={Disunification: A Survey},
  author={Hubert Comon-Lundh},
  booktitle={Computational Logic - Essays in Honor of Alan Robinson},
  year={1991}
}